<record xmlns="http://www.loc.gov/MARC21/slim">
   <leader>02712cam a2200433 i 4500</leader>
   <controlfield tag="001">6803580</controlfield>
   <controlfield tag="003">OCoLC</controlfield>
   <controlfield tag="005">20150122094631.0</controlfield>
   <controlfield tag="008">140401s2015    enk      b    001 0 eng  </controlfield>
   <datafield ind1=" " ind2=" " tag="010">
      <subfield code="a">  2014012895</subfield>
   </datafield>
   <datafield ind1=" " ind2=" " tag="020">
      <subfield code="a">9780415665926</subfield>
      <subfield code="q">hardcover</subfield>
   </datafield>
   <datafield ind1=" " ind2=" " tag="020">
      <subfield code="a">0415665922</subfield>
      <subfield code="q">hardcover</subfield>
   </datafield>
   <datafield ind1=" " ind2=" " tag="020">
      <subfield code="a">9780415665940</subfield>
      <subfield code="q">paperback</subfield>
   </datafield>
   <datafield ind1=" " ind2=" " tag="020">
      <subfield code="a">0415665949</subfield>
      <subfield code="q">paperback</subfield>
   </datafield>
   <datafield ind1=" " ind2=" " tag="020">
      <subfield code="z">9781315752570</subfield>
      <subfield code="q">electronic bk.</subfield>
   </datafield>
   <datafield ind1=" " ind2=" " tag="020">
      <subfield code="z">1315752573</subfield>
      <subfield code="q">electronic bk.</subfield>
   </datafield>
   <datafield ind1=" " ind2=" " tag="035">
      <subfield code="a">ocn852219693</subfield>
   </datafield>
   <datafield ind1=" " ind2=" " tag="040">
      <subfield code="a">DLC</subfield>
      <subfield code="b">eng</subfield>
      <subfield code="e">rda</subfield>
      <subfield code="c">DLC</subfield>
      <subfield code="d">YDX</subfield>
      <subfield code="d">BTCTA</subfield>
      <subfield code="d">YDXCP</subfield>
      <subfield code="d">BDX</subfield>
      <subfield code="d">OCLCF</subfield>
      <subfield code="d">CDX</subfield>
      <subfield code="d">IAD</subfield>
      <subfield code="d">OCLCQ</subfield>
      <subfield code="d">NLGGC</subfield>
      <subfield code="d">ZLM</subfield>
      <subfield code="d">UAB</subfield>
      <subfield code="d">AEU</subfield>
   </datafield>
   <datafield ind1=" " ind2=" " tag="042">
      <subfield code="a">pcc</subfield>
   </datafield>
   <datafield ind1="0" ind2="0" tag="050">
      <subfield code="a">ML3920</subfield>
      <subfield code="b">.D27 2015</subfield>
   </datafield>
   <datafield ind1="0" ind2="0" tag="082">
      <subfield code="a">615.8/5154</subfield>
      <subfield code="2">23</subfield>
   </datafield>
   <datafield ind1=" " ind2=" " tag="084">
      <subfield code="a">77.74</subfield>
      <subfield code="2">bcl</subfield>
   </datafield>
   <datafield ind1=" " ind2=" " tag="090">
      <subfield code="a">ML 3920 D27 2015</subfield>
      <subfield code="b">AEU</subfield>
   </datafield>
   <datafield ind1="1" ind2=" " tag="100">
      <subfield code="a">Davies, Alison,</subfield>
      <subfield code="d">1943-</subfield>
      <subfield code="e">author.</subfield>
   </datafield>
   <datafield ind1="1" ind2="0" tag="245">
      <subfield code="a">Group music therapy :</subfield>
      <subfield code="b">a group analytic approach /</subfield>
      <subfield code="c">Alison Davies, Eleanor Richards and Nick Barwick.</subfield>
   </datafield>
   <datafield ind1=" " ind2="1" tag="264">
      <subfield code="a">London ;</subfield>
      <subfield code="a">New York, NY :</subfield>
      <subfield code="b">Routledge, Taylor &amp; Francis Group,</subfield>
      <subfield code="c">2015.</subfield>
   </datafield>
   <datafield ind1=" " ind2=" " tag="300">
      <subfield code="a">xiii, 183 pages ;</subfield>
      <subfield code="c">25 cm</subfield>
   </datafield>
   <datafield ind1=" " ind2=" " tag="336">
      <subfield code="a">text</subfield>
      <subfield code="b">txt</subfield>
      <subfield code="2">rdacontent</subfield>
   </datafield>
   <datafield ind1=" " ind2=" " tag="337">
      <subfield code="a">unmediated</subfield>
      <subfield code="b">n</subfield>
      <subfield code="2">rdamedia</subfield>
   </datafield>
   <datafield ind1=" " ind2=" " tag="338">
      <subfield code="a">volume</subfield>
      <subfield code="b">nc</subfield>
      <subfield code="2">rdacarrier</subfield>
   </datafield>
   <datafield ind1=" " ind2=" " tag="504">
      <subfield code="a">Includes bibliographical references and index.</subfield>
   </datafield>
   <datafield ind1="0" ind2=" " tag="505">
      <subfield code="a">Part I. Group Music Therapy: Historical Perspectives -- Music therapy and the development of group work / Alison Davies -- The development of group work in music therapy in the UK / Helen Odell-Miller in conversation with Eleanor Richards -- Part 2. Group therapy: A Group Analytic Perspective -- Core Concepts in Group Analysis: what goes on in groups? (Part I) / Nick Barwick -- Core Concepts in Group Analysis: what goes on in groups? (Part 2) / Nick Barwick -- Core Concepts in Group Analysis: What does the conductor do? / Nick Barwick -- Developments in Group Analysis: The mother approach / Nick Barwick --  Developments in Group Analysis: The 'other' approach / Nick Barwick -- Part 3. Group Music Therapy: Developmental Perspectives -- Early Years: Experiences with others / Alison Davies -- Music, Attachment and the Group: Mainly theory / Eleanor Richards -- Music, Attachment and the Group: mainly practice / Eleanor Richards -- Part 4. Group Music Therapy: Clinical Perspectives -- Clinical Vignettes -- Co-therapy and working with others / Alison Davies -- Experiential Groups on music therapy trainings / Alison Davies.</subfield>
   </datafield>
   <datafield ind1=" " ind2=" " tag="596">
      <subfield code="a">43</subfield>
   </datafield>
   <datafield ind1=" " ind2="0" tag="650">
      <subfield code="a">Music therapy.</subfield>
   </datafield>
   <datafield ind1=" " ind2="0" tag="650">
      <subfield code="a">Group psychotherapy.</subfield>
   </datafield>
   <datafield ind1="1" ind2=" " tag="700">
      <subfield code="a">Richards, Eleanor</subfield>
      <subfield code="q">(Eleanor Gurney),</subfield>
      <subfield code="e">author.</subfield>
   </datafield>
   <datafield ind1="1" ind2=" " tag="700">
      <subfield code="a">Barwick, Nick,</subfield>
      <subfield code="d">1959-</subfield>
      <subfield code="e">author.</subfield>
   </datafield>
   <datafield ind1=" " ind2=" " tag="949">
      <subfield code="a">ML 3920 D27 2015</subfield>
      <subfield code="c">1</subfield>
      <subfield code="h">UAHS-MU-B</subfield>
      <subfield code="i">0162035229358</subfield>
   </datafield>
   <datafield ind1=" " ind2=" " tag="926">
      <subfield code="a">ML 3920 D27 2015</subfield>
      <subfield code="w">LC</subfield>
      <subfield code="c">1</subfield>
      <subfield code="i">0162035229358</subfield>
      <subfield code="d">4/22/2016</subfield>
      <subfield code="e">3/28/2016</subfield>
      <subfield code="l">MUSIC</subfield>
      <subfield code="m">UAHSS</subfield>
      <subfield code="n">3</subfield>
      <subfield code="p">$150.00</subfield>
      <subfield code="r">Y</subfield>
      <subfield code="s">Y</subfield>
      <subfield code="t">BOOK</subfield>
      <subfield code="u">2/11/2015</subfield>
   </datafield>
</record>
